<?xml version="1.0" encoding="UTF-8"?><collection xmlns="http://www.loc.gov/MARC21/slim"><record><leader>00412nam--2200145-i-4500</leader><controlfield tag="001">000002633</controlfield><controlfield tag="002">20161230</controlfield><controlfield tag="005">20161230201025</controlfield><controlfield tag="008">060222s1000------------r-----000-0-eng-d</controlfield><datafield ind1="1" ind2=" " tag="100"><subfield code="a">Duncan, W.J</subfield></datafield><datafield ind1="1" ind2="0" tag="245"><subfield code="a">Physical similarity and dimensional analysis</subfield><subfield code="b">An elementary treatise</subfield><subfield code="c">W.J. Duncan</subfield></datafield><datafield ind1=" " ind2=" " tag="260"><subfield code="a">London, Edward Arnold, 1953</subfield></datafield><datafield ind1=" " ind2=" " tag="300"><subfield code="a">VIII+156P</subfield></datafield><datafield ind1=" " ind2=" " tag="852"><subfield code="a">10130</subfield><subfield code="c">531.7</subfield></datafield><datafield ind1=" " ind2=" " tag="CAT"><subfield code="a">Sys</subfield><subfield code="c">20100709</subfield><subfield code="h">093436</subfield></datafield></record></collection>